@article{blei2003latent,
  title={Latent dirichlet allocation},
  author={Blei, David M and Ng, Andrew Y and Jordan, Michael I},
  journal={Journal of machine Learning research},
  volume={3},
  number={Jan},
  pages={993--1022},
  year={2003}
}
@article{blei2012probabilistic,
  title={Probabilistic topic models},
  author={Blei, David M},
  journal={Communications of the ACM},
  volume={55},
  number={4},
  pages={77--84},
  year={2012},
  publisher={ACM New York, NY, USA}
}
@inproceedings{ramage2009labeled,
  title={Labeled LDA: A supervised topic model for credit attribution in multi-labeled corpora},
  author={Ramage, Daniel and Hall, David and Nallapati, Ramesh and Manning, Christopher D},
  booktitle={Proceedings of the 2009 conference on empirical methods in natural language processing},
  pages={248--256},
  year={2009}
}
@article{10.1162/089120103322753374,
    author = {Basili, Roberto},
    title = "{Book Review}",
    journal = {Computational Linguistics},
    volume = {29},
    number = {4},
    pages = {655-661},
    year = {2003},
    month = {12},
    issn = {0891-2017},
    doi = {10.1162/089120103322753374},
    url = {https://doi.org/10.1162/089120103322753374},
    eprint = {https://direct.mit.edu/coli/article-pdf/29/4/655/1797984/089120103322753374.pdf},
}

@inproceedings{wallach2009evaluation,
  title={Evaluation methods for topic models},
  author={Wallach, Hanna M and Murray, Iain and Salakhutdinov, Ruslan and Mimno, David},
  booktitle={Proceedings of the 26th annual international conference on machine learning},
  pages={1105--1112},
  year={2009}
}